@Book{knuth:84,
  author = 	 {Donald E. Knuth},
  title = 	 {The {\TeX} Book},
  publisher = 	 {Addison-Wesley},
  year = 	 {1984},
  edition = 	 {15th}
}

@InCollection{boulic:91,
  author = 	 {R. Boulic and O. Renault},
  title = 	 {3D Hierarchies for Animation},
  booktitle = 	 {New Trends in Animation and Visualization},
  publisher =    {John Wiley {\&} Sons ltd.},
  year = 	 {1991},
  editor = 	 {Nadia Magnenat-Thalmann and Daniel Thalmann}
}

@InCollection{smith:99,
  author = 	 {A. Smith and B. Jones},
  title = 	 {On the Complexity of Computing},
  booktitle = 	 {Advances in Computer Science},
  pages = 	 {555--566},
  publisher =    {Publishing Press},
  year = 	 {1999},
  editor = 	 {A. B. Smith-Jones}
}

@InCollection{Wilson:94,
    author = {Gregory V. Wilson},
    title = {Assessing the Usability of Parallel Programming Systems: The Cowichan Problems},
    booktitle = {Proceedings of the IFIP Working Conference on Programming Environments for Massively Parallel Distributed Systems},
    year = {1994},
    publisher = {Birkhäuser Verlag AG}
}

@TECHREPORT{Wilson:95,
    author = {Gregory V. Wilson and R. Bruce Irvin},
    title = {Assessing and Comparing the Usability of Parallel Programming Systems},
    booktitle = {Proceedings of the IFIP Working Conference on Programming Environments for Massively Parallel Distributed Systems},
    year = {1995},
    publisher = {Birkhäuser Verlag AG}
}

@online{Wilson:10,
    author = {Greg Wilson.},
    title = {The Cowichan Problems},
    year = {2010},
    url  = {\url{https://software-carpentry.org/blog/2010/06/the-cowichan-problems.html}},
    addendum = {(accessed: 04.09.2020)}
}

@online{Kolmogorov,
    author = {Stangroom, J.},
    title = {The Kolmogorov-Smirnov Test of Normality},
    year = {2020},
    url  = {\url{https://www.socscistatistics.com/tests/kolmogorov/}},
    addendum = {(accessed: 04.09.2020)}
}

@online{Howell:20,
    author = {Fred Howell},
    title = {Approaches to parallel performance prediction},
    year = {2020},
    url  = {\url{http://www.dcs.ed.ac.uk/home/fwh/thesis/}},
    addendum = {(accessed: 04.09.2020)}
}